<?xml version="1.0" encoding="UTF-8"?>
<collection xmlns:xsi="http://www.w3.org/2001/XMLSchema-instance" xsi:schemaLocation="http://www.loc.gov/MARC21/slim http://www.loc.gov/standards/marcxml/schema/MARC21slim.xsd" xmlns="http://www.loc.gov/MARC21/slim">
<record>
  <leader>00840cam a2200205 a 4500</leader>
  <controlfield tag="001">2981783</controlfield>
  <controlfield tag="003">NNC</controlfield>
  <controlfield tag="005">20150817132400.0</controlfield>
  <controlfield tag="008">010123s1904    sy            000 p arard</controlfield>
  <datafield tag="035" ind1=" " ind2=" ">
    <subfield code="a">(OCoLC)ocm45769278</subfield>
  </datafield>
  <datafield tag="035" ind1=" " ind2=" ">
    <subfield code="9">ASM8918CU</subfield>
  </datafield>
  <datafield tag="035" ind1=" " ind2=" ">
    <subfield code="a">(NNC)2981783</subfield>
  </datafield>
  <datafield tag="040" ind1=" " ind2=" ">
    <subfield code="a">IXA</subfield>
    <subfield code="c">IXA</subfield>
    <subfield code="d">ZCU</subfield>
  </datafield>
  <datafield tag="090" ind1=" " ind2=" ">
    <subfield code="a">PJ7808.H42</subfield>
    <subfield code="b">D59</subfield>
  </datafield>
  <datafield tag="100" ind1="1" ind2=" ">
    <subfield code="a">Abū al-Hudá al-Ṣayyādī, Muḥammad ibn Ḥasan Wādī,</subfield>
    <subfield code="d">1849 or 1850-1910 or 1911.</subfield>
  </datafield>
  <datafield tag="240" ind1="1" ind2="0">
    <subfield code="a">Dīwān rawḍat al-ʻirfān al-mudhayyalah manẓūmātuhu bi-manthūr al-Durar al-ḥisān</subfield>
  </datafield>
  <datafield tag="245" ind1="1" ind2="0">
    <subfield code="a">Hadhā Dīwān rawḍat al-ʻirfān al-mudhayyalah manẓūmātuhu bi-manthūr al-Durar al-ḥisān /</subfield>
    <subfield code="c">taʾlīf Muḥammad Abū al-Hudá al-Ṣayyādī al-Rifāʻī al-Ḥusaynī.</subfield>
  </datafield>
  <datafield tag="260" ind1=" " ind2=" ">
    <subfield code="a">[Syria :</subfield>
    <subfield code="b">s.n.],</subfield>
    <subfield code="c">1322 [1904]</subfield>
  </datafield>
  <datafield tag="300" ind1=" " ind2=" ">
    <subfield code="a">79 p.</subfield>
    <subfield code="c">24 cm.</subfield>
  </datafield>
  <datafield tag="955" ind1=" " ind2=" ">
    <subfield code="b">0036761478</subfield>
    <subfield code="d">glx</subfield>
    <subfield code="e">PJ7808.H42 D59</subfield>
  </datafield>
</record>
</collection>